@article{FernandezKronecker2016,
	doi = {10.1088/0143-0807/37/6/065403},
	url = {https://doi.org/10.1088/0143-0807/37/6/065403},
	year = 2016,
	month = {sep},
	publisher = {{IOP} Publishing},
	volume = {37},
	number = {6},
	pages = {065403},
	author = {Francisco M Fern{\'{a}}ndez},
	title = {The Kronecker product and some of its physical applications},
}

@article{GyamfiLiouvilleSpace2020,
	doi = {10.1088/1361-6404/ab9fdd},
	url = {https://doi.org/10.1088/1361-6404/ab9fdd},
	year = 2020,
	month = {oct},
	publisher = {{IOP} Publishing},
	volume = {41},
	number = {6},
	pages = {063002},
	author = {Jerryman A Gyamfi},
	title = {Fundamentals of quantum mechanics in Liouville space},
	journal = {European Journal of Physics},
}

@article{ZwanzigProyectors1960,
author = {Zwanzig,Robert },
title = {Ensemble Method in the Theory of Irreversibility},
journal = {The Journal of Chemical Physics},
volume = {33},
number = {5},
pages = {1338-1341},
year = {1960},
doi = {10.1063/1.1731409},

URL = { 
        https://doi.org/10.1063/1.1731409
    
},
eprint = { 
        https://doi.org/10.1063/1.1731409
    
}

}

@article{NakajimaProyectors1958,
    author = {Nakajima, Sadao},
    title = "{On Quantum Theory of Transport Phenomena: Steady Diffusion}",
    journal = {Progress of Theoretical Physics},
    volume = {20},
    number = {6},
    pages = {948-959},
    year = {1958},
    month = {12},
    issn = {0033-068X},
    doi = {10.1143/PTP.20.948},
    url = {https://doi.org/10.1143/PTP.20.948},
    eprint = {https://academic.oup.com/ptp/article-pdf/20/6/948/5440766/20-6-948.pdf},
}

@article {AbramoviciLIGO1992,
	author = {Abramovici, Alex and Althouse, William E. and Drever, Ronald W. P. and G{\"u}rsel, Yekta and Kawamura, Seiji and Raab, Frederick J. and Shoemaker, David and Sievers, Lisa and Spero, Robert E. and Thorne, Kip S. and Vogt, Rochus E. and Weiss, Rainer and Whitcomb, Stanley E. and Zucker, Michael E.},
	title = {LIGO: The Laser Interferometer Gravitational-Wave Observatory},
	volume = {256},
	number = {5055},
	pages = {325--333},
	year = {1992},
	doi = {10.1126/science.256.5055.325},
	publisher = {American Association for the Advancement of Science},
	issn = {0036-8075},
	URL = {https://science.sciencemag.org/content/256/5055/325},
	eprint = {https://science.sciencemag.org/content/256/5055/325.full.pdf},
	journal = {Science}
}

@article{LawMovingMirror1995,
  title = {Interaction between a moving mirror and radiation pressure: A Hamiltonian formulation},
  author = {Law, C. K.},
  journal = {Phys. Rev. A},
  volume = {51},
  issue = {3},
  pages = {2537--2541},
  numpages = {0},
  year = {1995},
  month = {Mar},
  publisher = {American Physical Society},
  doi = {10.1103/PhysRevA.51.2537},
  url = {https://link.aps.org/doi/10.1103/PhysRevA.51.2537}
}

@book{CarmichaelQuantumOptics1999,
  title={Statistical Methods in Quantum Optics 1: Master Equations and Fokker-Planck Equations},
  author={Carmichael, H.J. and Springer-Verlag (Berlin).},
  isbn={9783540548829},
  lccn={98040873},
  series={Physics and astronomy online library},
  url={https://books.google.com.mx/books?id=ocgRgM-yJacC},
  year={1999},
  publisher={Springer}
}

@article{BriegelDampingBasis1993,
  title = {Quantum optical master equations: The use of damping bases},
  author = {Briegel, Hans-J\"urgen and Englert, Berthold-Georg},
  journal = {Phys. Rev. A},
  volume = {47},
  issue = {4},
  pages = {3311--3329},
  numpages = {0},
  year = {1993},
  month = {Apr},
  publisher = {American Physical Society},
  doi = {10.1103/PhysRevA.47.3311},
  url = {https://link.aps.org/doi/10.1103/PhysRevA.47.3311}
}

ï»¿@Article{ShibataProjectionMethod1977,
author={Shibata, Fumiaki
and Takahashi, Yoshinori
and Hashitsume, Natsuki},
title={A generalized stochastic liouville equation. Non-Markovian versus memoryless master equations},
journal={Journal of Statistical Physics},
year={1977},
month={Oct},
day={01},
volume={17},
number={4},
pages={171-187},
issn={1572-9613},
doi={10.1007/BF01040100},
url={https://doi.org/10.1007/BF01040100}
}

@article{VezioOMExperiment2020,
  title = {Quantum motion of a squeezed mechanical oscillator attained via an optomechanical experiment},
  author = {Vezio, P. and Chowdhury, A. and Bonaldi, M. and Borrielli, A. and Marino, F. and Morana, B. and Prodi, G. A. and Sarro, P. M. and Serra, E. and Marin, F.},
  journal = {Phys. Rev. A},
  volume = {102},
  issue = {5},
  pages = {053505},
  numpages = {10},
  year = {2020},
  month = {Nov},
  publisher = {American Physical Society},
  doi = {10.1103/PhysRevA.102.053505},
  url = {https://link.aps.org/doi/10.1103/PhysRevA.102.053505}
}

@article {NielsenMultimodeOptomechanicalMembrane2017,
	author = {Nielsen, William Hvidtfelt Padk{\ae}r and Tsaturyan, Yeghishe and M{\o}ller, Christoffer Bo and Polzik, Eugene S. and Schliesser, Albert},
	title = {Multimode optomechanical system in the quantum regime},
	volume = {114},
	number = {1},
	pages = {62--66},
	year = {2017},
	doi = {10.1073/pnas.1608412114},
	publisher = {National Academy of Sciences},
	issn = {0027-8424},
	URL = {https://www.pnas.org/content/114/1/62},
	eprint = {https://www.pnas.org/content/114/1/62.full.pdf},
	journal = {Proceedings of the National Academy of Sciences}
}


@article{Ying3LevelAtom1996,
  title = {Effective Raman theory for a three-level atom in the \ensuremath{\Lambda} configuration},
  author = {Wu, Ying},
  journal = {Phys. Rev. A},
  volume = {54},
  issue = {2},
  pages = {1586--1592},
  numpages = {0},
  year = {1996},
  month = {Aug},
  publisher = {American Physical Society},
  doi = {10.1103/PhysRevA.54.1586},
  url = {https://link.aps.org/doi/10.1103/PhysRevA.54.1586}
}

@article{BrionAdiabatic2006,
author = {Brion, E. and Pedersen, L. and Molmer, K.},
year = {2006},
month = {11},
pages = {},
title = {Adiabatic Elimination in a Lambda System},
volume = {40},
journal = {Journal of Physics A Mathematical and Theoretical},
doi = {10.1088/1751-8113/40/5/011}
}

@article{Gerry3LA1990,
  title = {Dynamics of a Raman coupled model interacting with two quantized cavity fields},
  author = {Gerry, Christopher C. and Eberly, J. H.},
  journal = {Phys. Rev. A},
  volume = {42},
  issue = {11},
  pages = {6805--6815},
  numpages = {0},
  year = {1990},
  month = {Dec},
  publisher = {American Physical Society},
  doi = {10.1103/PhysRevA.42.6805},
  url = {https://link.aps.org/doi/10.1103/PhysRevA.42.6805}
}
